@unpublished{Weis24,
  author = {{Andreas Weis}},
  title  = {C++ Modules - Getting Started Today},
  year   = {2024},
  note   = {Meeting C++},
  url    = {https://meetingcpp.com/mcpp/slides/2024/C++%20Modules%20-%20Getting%20Started%20Today731788.pdf}
}
@unpublished{Ruoso23,
  author = {{Daniel Ruoso}},
  title  = {The Challenges of Implementing C++ Header Units: C++ Modules },
  year   = {2023},
  note   = {CppNow},
  url    = {https://www.youtube.com/watch?v=_LGR0U5Opdg}
}
@unpublished{Engert21,
  author = {{Daniela Engert}},
  title  = {Visibility, Reachability, Linkage – The Three Secret Spices of C++ Modules},
  year   = {2021},
  note   = {Pure Virtual C++},
  url    = {https://www.youtube.com/watch?v=YB17MeFzR5k}
}
@unpublished{Engert23,
  author = {{Daniela Engert}},
  title  = {So, You Want to Use C++ Modules … Cross-Platform?},
  year   = {2023},
  note   = {C++ on Sea},
  url    = {https://www.youtube.com/watch?v=DJTEUFRslbI}
}
@unpublished{Boeckel24,
  author = {{Ben Boeckel}},
  title  = {Beyond Compilation Databases to Support C++ Modules: Build Databases},
  year   = {2024},
  note   = {CppCon}
}
@misc{CompDb,
  title  = {JSON Compilation Database Format Specification},
  author = {clang},
  url    = {https://clang.llvm.org/docs/JSONCompilationDatabase.html}
}
